@Manual{R,
  title = {R: A Language and Environment for Statistical Computing},
  author = {{R Core Team}},
  organization = {R Foundation for Statistical Computing},
  address = {Vienna, Austria},
  year = {2016},
  note = {{ISBN} 3-900051-07-0},
  url = {https://www.R-project.org/},
}

@book{biecek2021explanatory,
  title={Explanatory model analysis: Explore, explain and examine predictive models},
  author={Biecek, Przemyslaw and Burzykowski, Tomasz},
  year={2021},
  publisher={Chapman and Hall/CRC}
}

@article{ihaka:1996,
  Author = {Ihaka, Ross and Gentleman, Robert},
	Journal = {Journal of Computational and Graphical Statistics},
	Number = 3,
	Pages = {299--314},
	Title = {R: A Language for Data Analysis and Graphics},
	Volume = 5,
	Year = 1996,
        url = {https://doi.org/10.1080/10618600.1996.10474713}
}

@article{svm,
    author = {Zaghloul, W. and Lee, S. and Trimi, S.},
    year = {2009},
    month = {05},
    pages = {708-717},
    title = {Text classification: Neural networks vs support vector machines},
    volume = {109},
    journal = {Industrial Management and Data Systems},
    doi = {10.1108/02635570910957669}
}

@Manual{svmPack,
    title = {e1071: Misc Functions of the Department of Statistics, Probability
Theory Group (Formerly: E1071), TU Wien},
    author = {David Meyer and Evgenia Dimitriadou and Kurt Hornik and Andreas Weingessel and Friedrich Leisch},
    year = {2021},
    note = {R package version 1.7-8},
    url = {https://CRAN.R-project.org/package=e1071},
  }

@article{Van,
  author  = {van der Laan, M.},
  title   = {Statistical Inference for Variable Importance},
  journal = {International Journal of Biostatistics},
  year    = {2006},
  volume  = {2},
  article = {2}
}

@Article{Strobl,
    author = {Strobl, C. and Boulesteix, AL. and Kneib, T. and Augustin, T. and Zeileis, A.},
    year = {2008},
    month = {08},
    pages = {307},
    title = {Conditional Variable Importance for Random Forests},
    volume = {9},
    journal = {BMC bioinformatics},
    doi = {10.1186/1471-2105-9-307}
}

@Manual{VSURF,
    title = {VSURF: Variable Selection Using Random Forests},
    author = {Robin Genuer and Jean-Michel Poggi and Christine Tuleau-Malot},
    year = {2019},
    note = {R package version 1.1.0},
    url = {https://CRAN.R-project.org/package=VSURF},
}

@article{Ishwaran2,
  author  = {Ishwaran, H.},
  title   = {Variable importance in binary regression trees and forests.},
  journal = {Electronic Journal of Statistics,},
  year    = {2007},
  volume  = {1},
  pages   = {519-37}
}

@article{ishwaran2010high,
  title={High-dimensional variable selection for survival data},
  author={Ishwaran, Hemant and Kogalur, Udaya B and Gorodeski, Eiran Z and Minn, Andy J and Lauer, Michael S},
  journal={Journal of the American Statistical Association},
  volume={105},
  number={489},
  pages={205--217},
  year={2010},
  publisher={Taylor \& Francis}
}

@Article{VarImp,
    author = {Gr√∂mping, U.},
    title = {Variable Importance Assessment in Regression: Linear Regression versus Random Forest},
    url = {https://www.jstor.org/stable/25652309},
    year = {2009},
    publisher = {Taylor & Francis, Ltd. on behalf of the American Statistical Association},
    volume = {63},
    pages = {308-319},
    journal = {The American Statistician},
}
  
@article{FriedmanEqn,
	author = {Friedman, J. H.},
	doi = {10.1214/aos/1176347963},
	journal = {The Annals of Statistics},
	number = {1},
	pages = {1-67},
	publisher = {Institute of Mathematical Statistics},
	title = {Multivariate Adaptive Regression Splines},
	volume = {19},
	year = {1991},
	Bdsk-Url-1 = {https://doi.org/10.1214/aos/1176347963}
}

@article{Friedmans_H,
	author = {Friedman, J. H. and Popescu, B. E.},
	date-modified = {2021-08-04 16:54:07 +0100},
	journal = {The Annals of Applied Statistics.},
	pages = {916--954},
	title = {Predictive learning via rule ensembles},
	year = {2008}
}

@Article{randomForest,
    title = {Classification and Regression by randomForest},
    author = {Andy Liaw and Matthew Wiener},
    journal = {R News},
    year = {2002},
    volume = {2},
    number = {3},
    pages = {18-22},
    url = {https://CRAN.R-project.org/doc/Rnews/},
  }

@Manual{xgboost,
    title = {xgboost: Extreme Gradient Boosting},
    author = {Tianqi Chen and Tong He and Michael Benesty and Vadim Khotilovich and Yuan Tang and Hyunsu Cho and Kailong Chen and Rory Mitchell and Ignacio Cano and Tianyi Zhou and Mu Li and Junyuan Xie and Min Lin and Yifeng Geng and Yutian Li},
    year = {2021},
    note = {R package version 1.5.0.2},
    url = {https://CRAN.R-project.org/package=xgboost},
  }
  
@Manual{RFE,
    title = {randomForestExplainer: Explaining and Visualizing Random Forests in Terms of Variable
Importance},
    author = {Aleksandra Paluszynska and Przemyslaw Biecek and Yue Jiang},
    year = {2020},
    note = {R package version 0.10.1},
    url = {https://CRAN.R-project.org/package=randomForestExplainer},
  }
 
@Manual{EIX,
    title = {EIX: Explain Interactions in 'XGBoost'},
    author = {Szymon Maksymiuk and Ewelina Karbowiak and Przemyslaw Biecek},
    year = {2021},
    note = {R package version 1.2.0},
    url = {https://CRAN.R-project.org/package=EIX},
  }
  
@article{colorspaceJSS,
	author = {Achim Zeileis and Jason C. Fisher and Kurt Hornik and Ross Ihaka and Claire D. McWhite and Paul Murrell and Reto Stauffer and Claus O. Wilke},
	doi = {10.18637/jss.v096.i01},
	journal = {Journal of Statistical Software, Articles},
	keywords = {color; palette; HCL; RGB; hue; color vision deficiency; R},
	number = {1},
	pages = {1--49},
	title = {colorspace: A Toolbox for Manipulating and Assessing Colors and Palettes},
	volume = {96},
	year = {2020},
	Bdsk-Url-1 = {https://doi.org/10.18637/jss.v096.i01}
}

@Article{igraph,
    title = {The igraph software package for complex network research},
    author = {Gabor Csardi and Tamas Nepusz},
    journal = {InterJournal},
    volume = {Complex Systems},
    pages = {1695},
    year = {2006},
    url = {https://igraph.org},
  }

@Article{pdpR,
    title = {pdp: An R Package for Constructing Partial Dependence Plots},
    author = {Brandon M. Greenwell},
    journal = {The R Journal},
    year = {2017},
    volume = {9},
    number = {1},
    pages = {421--436},
    url = {https://journal.r-project.org/archive/2017/RJ-2017-016/index.html},
}

@Article{iceR,
    title = {Peeking Inside the Black Box: Visualizing Statistical Learning With Plots of Individual Conditional Expectation},
    author = {Alex Goldstein and Adam Kapelner and Justin Bleich and Emil Pitkin},
    journal = {Journal of Computational and Graphical Statistics},
    volume = {24},
    number = {1},
    pages = {44--65},
    doi = {10.1080/10618600.2014.907095},
    year = {2015},
  }
  
 @Article{iml,
    author = {Christoph Molnar and Bernd Bischl and Giuseppe Casalicchio},
    title = {iml: An R package for Interpretable Machine Learning},
    doi = {10.21105/joss.00786},
    url = {https://joss.theoj.org/papers/10.21105/joss.00786},
    year = {2018},
    publisher = {Journal of Open Source Software},
    volume = {3},
    number = {26},
    pages = {786},
    journal = {JOSS},
}

@article{Friedpdp,
	author = {Friedman, J. H.},
	doi = {10.1214/aos/1013203451},
	journal = {The Annals of Statistics},
	month = {11},
	title = {Greedy Function Approximation: A Gradient Boosting Machine},
	volume = {29},
	year = {2000},
	Bdsk-Url-1 = {https://doi.org/10.1214/aos/1013203451}
}

@article{breiman2001randomforest,
	author = {Breiman, Leo},
	doi = {10.1023/A:1010933404324},
	journal = {Machine Learning},
	number = {1},
	pages = {5--32},
	title = {Random Forests},
	volume = {45},
	year = {2001},
	Bdsk-Url-1 = {https://doi.org/10.1023/A:1010933404324}}

 @book{tukey1977exploratory,
  title={Exploratory data analysis},
  author={Tukey, John W and others},
  volume={2},
  year={1977},
  publisher={Reading, MA}
}

@Manual{flash,
    title = {flashlight: Shed Light on Black Box Machine Learning Models},
    author = {Michael Mayer},
    year = {2021},
    note = {R package version 0.8.0},
    url = {https://CRAN.R-project.org/package=flashlight},
}

@article{dendserPaper,
	author = {Earle, Denise and Hurley, Catherine},
	doi = {10.1080/10618600.2013.874295},
	journal = {Journal of Computational and Graphical Statistics},
	month = {03},
	title = {Advances in Dendrogram Seriation for Application to Visualization},
	volume = {24},
	year = {2015},
	Bdsk-Url-1 = {https://doi.org/10.1080/10618600.2013.874295}
}

@article{nelson1993diabetic,
  title={Diabetic kidney disease in Pima Indians},
  author={Nelson, Robert G and Knowler, William C and Pettitt, David J and Saad, Mohammed F and Bennett, Peter H},
  journal={Diabetes care},
  volume={16},
  number={1},
  pages={335--341},
  year={1993},
  publisher={Am Diabetes Assoc}
}

@Manual{mlb,
    title = {mlbench: Machine Learning Benchmark Problems},
    author = {Friedrich Leisch and Evgenia Dimitriadou},
    year = {2021},
    note = {R package version 2.1-3},
  }

@Article{ranger,
    title = {{ranger}: A Fast Implementation of Random Forests for High Dimensional Data in {C++} and {R}},
    author = {Marvin N. Wright and Andreas Ziegler},
    journal = {Journal of Statistical Software},
    year = {2017},
    volume = {77},
    number = {1},
    pages = {1--17},
    doi = {10.18637/jss.v077.i01},
  }

@article{malley2012probability,
  title={Probability machines},
  author={Malley, James D and Kruppa, Jochen and Dasgupta, Abhijit and Malley, Karen G and Ziegler, Andreas},
  journal={Methods of information in medicine},
  volume={51},
  number={01},
  pages={74--81},
  year={2012},
  publisher={Schattauer GmbH}
}

@article{lillioja1988obesity,
  title={Obesity and insulin resistance: lessons learned from the Pima Indians},
  author={Lillioja, S and Bogardus, C},
  year={1988}
}

@article{bennett1971diabetes,
  title={Diabetes mellitus in American (Pima) indians},
  author={Bennett, PeterH and Burch, ThomasA and Miller, Max},
  journal={The Lancet},
  volume={298},
  number={7716},
  pages={125--128},
  year={1971},
  publisher={Elsevier}
}


@article{fisher2019all,
  title={All Models are Wrong, but Many are Useful: Learning a Variable's Importance by Studying an Entire Class of Prediction Models Simultaneously.},
  author={Fisher, Aaron and Rudin, Cynthia and Dominici, Francesca},
  journal={J. Mach. Learn. Res.},
  volume={20},
  number={177},
  pages={1--81},
  year={2019}
}

@Article{mlr,
    title = {{mlr}: Machine Learning in {R}},
    author = {Bernd Bischl and Michel Lang and Lars Kotthoff and Julia Schiffner and Jakob Richter and Erich Studerus and Giuseppe Casalicchio and Zachary M. Jones},
    journal = {Journal of Machine Learning Research},
    year = {2016},
    volume = {17},
    number = {170},
    pages = {1-5},
    url = {https://jmlr.org/papers/v17/15-066.html},
}

@Article{mlr3,
    title = {{mlr3}: A modern object-oriented machine learning framework in {R}},
    author = {Michel Lang and Martin Binder and Jakob Richter and Patrick Schratz and Florian Pfisterer and Stefan Coors and Quay Au and Giuseppe Casalicchio and Lars Kotthoff and Bernd Bischl},
    journal = {Journal of Open Source Software},
    year = {2019},
    month = {dec},
    doi = {10.21105/joss.01903},
    url = {https://joss.theoj.org/papers/10.21105/joss.01903},
}

@Manual{tmodels,
    title = {Tidymodels: a collection of packages for modeling and machine learning using tidyverse principles.},
    author = {Max Kuhn and Hadley Wickham},
    url = {https://www.tidymodels.org},
    year = {2020},
  }

@Manual{condvis2,
    title = {condvis2: Interactive Conditional Visualization for Supervised and
Unsupervised Models in Shiny},
    author = {Catherine Hurley and Mark OConnell and Katarina Domijan},
    year = {2022},
    note = {https://cbhurley.github.io/condvis2,
https://github.com/cbhurley/condvis2},
}

@article{inglis2022visualizing,
  title={Visualizing Variable Importance and Variable Interaction Effects in Machine Learning Models},
  author={Inglis, Alan and Parnell, Andrew and Hurley, Catherine B},
  journal={Journal of Computational and Graphical Statistics},
  pages={1--13},
  year={2022},
  publisher={Taylor \& Francis}
}

@inproceedings{antunes2018fairness,
  title={Fairness and transparency of machine learning for trustworthy cloud services},
  author={Antunes, Nuno and Balby, Leandro and Figueiredo, Flavio and Lourenco, Nuno and Meira, Wagner and Santos, Walter},
  booktitle={2018 48th Annual IEEE/IFIP International Conference on Dependable Systems and Networks Workshops (DSN-W)},
  pages={188--193},
  year={2018},
  organization={IEEE}
}

@article{felzmann2019transparency,
  title={Transparency you can trust: Transparency requirements for artificial intelligence between legal norms and contextual concerns},
  author={Felzmann, Heike and Villaronga, Eduard Fosch and Lutz, Christoph and Tam{\`o}-Larrieux, Aurelia},
  journal={Big Data \& Society},
  volume={6},
  number={1},
  pages={2053951719860542},
  year={2019},
  publisher={SAGE Publications Sage UK: London, England}
}

@Article{dalex,
    title = {DALEX: Explainers for Complex Predictive Models in {R}},
    author = {Przemyslaw Biecek},
    journal = {Journal of Machine Learning Research},
    year = {2018},
    volume = {19},
    pages = {1-5},
    number = {84},
    url = {https://jmlr.org/papers/v19/18-416.html},
}

@Manual{lime,
    title = {lime: Local Interpretable Model-Agnostic Explanations},
    author = {Emil Hvitfeldt and Thomas Lin Pedersen and Micha√´l Benesty},
    year = {2022},
    note = {R package version 0.5.3},
    url = {https://CRAN.R-project.org/package=lime},
}

@book{molnar2022book,
  title      = {Interpretable Machine Learning},
  author     = {Christoph Molnar},
  year       = {2022},
  subtitle   = {A Guide for Making Black Box Models Explainable},
  edition    = {2},
  url        = {https://christophm.github.io/interpretable-ml-book}
}

@article{maksymiuk2020landscape,
  title={Landscape of {R} packages for eXplainable Artificial Intelligence},
  author={Maksymiuk, Szymon and Gosiewska, Alicja and Biecek, Przemyslaw},
  journal={arXiv preprint arXiv:2009.13248},
  year={2020}
}

@article{murray2009methods,
  title={Methods to quantify variable importance: implications for the analysis of noisy ecological data},
  author={Murray, Kim and Conner, Mary M},
  journal={Ecology},
  volume={90},
  number={2},
  pages={348--355},
  year={2009},
  publisher={Wiley Online Library}
}

@article{grange2018random,
  title={Random forest meteorological normalisation models for Swiss PM 10 trend analysis},
  author={Grange, Stuart K and Carslaw, David C and Lewis, Alastair C and Boleti, Eirini and Hueglin, Christoph},
  journal={Atmospheric Chemistry and Physics},
  volume={18},
  number={9},
  pages={6223--6239},
  year={2018},
  publisher={Copernicus GmbH}
}

@article{chen2012random,
  title={Random forests for genomic data analysis},
  author={Chen, Xi and Ishwaran, Hemant},
  journal={Genomics},
  volume={99},
  number={6},
  pages={323--329},
  year={2012},
  publisher={Elsevier}
}

@article{chipman2010bart,
  title={BART: Bayesian additive regression trees},
  author={Chipman, Hugh A and George, Edward I and McCulloch, Robert E},
  journal={The Annals of Applied Statistics},
  volume={4},
  number={1},
  pages={266--298},
  year={2010},
  publisher={Institute of Mathematical Statistics}
}

 @Article{BART,
    title = {Nonparametric Machine Learning and Efficient Computation with {B}ayesian Additive Regression Trees: The {BART} {R} Package},
    author = {Rodney Sparapani and Charles Spanbauer and Robert McCulloch},
    journal = {Journal of Statistical Software},
    year = {2021},
    volume = {97},
    number = {1},
    pages = {1--66},
    doi = {10.18637/jss.v097.i01},
}

@Misc{dbarts,
    author = {Vincent Dorie},
    title = {dbarts: Discrete Bayesian Additive Regression Trees Sampler},
    year = {2022},
    note = {R package version 0.9-22},
    url = {https://CRAN.R-project.org/package=dbarts},
  }

@Article{zenplot,
    title = {Zigzag Expanded Navigation Plots in {R}: The {R} Package {zenplots}},
    author = {Marius Hofert and Wayne Oldford},
    journal = {Journal of Statistical Software},
    year = {2020},
    volume = {95},
    number = {4},
    pages = {1--44},
    doi = {10.18637/jss.v095.i04},
  }

 @Article{vip,
    title = {Variable Importance Plots‚ÄîAn Introduction to the vip Package},
    author = {Brandon M. Greenwell and Bradley C. Boehmke},
    journal = {The R Journal},
    year = {2020},
    volume = {12},
    number = {1},
    pages = {343--366},
    url = {https://doi.org/10.32614/RJ-2020-013},
  }
  
@book{elementsStats,
	author = {Hastie, T. and Tibshirani, R. and Friedman, J.},
	edition = {2nd},
	pages = {370},
	publisher = {Springer Series in Statistics. Springer-Verlag.},
	title = {The Elements of Statistical Learning: Data Mining, Inference, and Prediction.},
	year = {2009}}

@article{PairViz,
	author = {C. B. Hurley and R. W. Oldford},
	doi = {10.1198/jcgs.2010.09136},
	journal = {Journal of Computational and Graphical Statistics},
	number = {4},
	pages = {861-886},
	publisher = {Taylor & Francis},
	title = {Pairwise Display of High-Dimensional Information via Eulerian Tours and Hamiltonian Decompositions},
	volume = {19},
	year = {2010},
	Bdsk-Url-1 = {https://doi.org/10.1198/jcgs.2010.09136}}

@article{PairViz1,
	author = {Hurley, Catherine and Oldford, R.},
	doi = {10.1007/s00180-011-0229-5},
	journal = {Computational Statistics},
	month = {12},
	pages = {613-633},
	title = {Eulerian tour algorithms for data visualization and the PairViz package},
	volume = {26},
	year = {2011},
	Bdsk-Url-1 = {https://doi.org/10.1007/s00180-011-0229-5}}

 @Book{mass,
    title = {Modern Applied Statistics with S},
    author = {W. N. Venables and B. D. Ripley},
    publisher = {Springer},
    edition = {Fourth},
    address = {New York},
    year = {2002},
    note = {ISBN 0-387-95457-0},
    url = {https://www.stats.ox.ac.uk/pub/MASS4/},
  }

@article{boston,
  title={Hedonic housing prices and the demand for clean air},
  author={Harrison Jr, David and Rubinfeld, Daniel L},
  journal={Journal of environmental economics and management},
  volume={5},
  number={1},
  pages={81--102},
  year={1978},
  publisher={Elsevier}
}

@Book{ggplot2,
    author = {Hadley Wickham},
    title = {ggplot2: Elegant Graphics for Data Analysis},
    publisher = {Springer-Verlag New York},
    year = {2016},
    isbn = {978-3-319-24277-4},
    url = {https://ggplot2.tidyverse.org},
  }

@Article{BARTMachPack,
    title = {bartMachine: {M}achine {L}earning with {B}ayesian {A}dditive {R}egression {T}rees},
    author = {Adam Kapelner and Justin Bleich},
    journal = {Journal of Statistical Software},
    year = {2016},
    volume = {70},
    number = {4},
    pages = {1--40},
    doi = {10.18637/jss.v070.i04},
 }

@article{greenwell2018simple,
  title={A simple and effective model-based variable importance measure},
  author={Greenwell, Brandon M and Boehmke, Bradley C and McCarthy, Andrew J},
  journal={arXiv preprint arXiv:1805.04755},
  year={2018}
}

@Manual{squish,
    title = {scales: Scale Functions for Visualization},
    author = {Hadley Wickham and Dana Seidel},
    year = {2020},
    note = {R package version 1.1.1},
    url = {https://CRAN.R-project.org/package=scales},
  }

@article{kamada1989algorithm,
  title={An algorithm for drawing general undirected graphs},
  author={Kamada, Tomihisa and Kawai, Satoru and others},
  journal={Information processing letters},
  volume={31},
  number={1},
  pages={7--15},
  year={1989}
}

@article{blondelfast,
  title={Fast Unfolding of Community Hierarchies in Large Networks, 1--6 (2008)},
  author={Blondel, VD and Guillaume, JL and Lambiotte, R and Lefebvre, E},
  journal={arXiv preprint arXiv:0803.0476}
}

@article{apley2020visualizing,
  title={Visualizing the effects of predictor variables in black box supervised learning models},
  author={Apley, Daniel W and Zhu, Jingyu},
  journal={Journal of the Royal Statistical Society: Series B (Statistical Methodology)},
  volume={82},
  number={4},
  pages={1059--1086},
  year={2020},
  publisher={Wiley Online Library}
}

@Manual{varImpPack,
    title = {varImp: {RF} {V}ariable {I}mportance for {A}rbitrary {M}easures},
    author = {Philipp Probst},
    year = {2020},
    note = {R package version 0.4},
    url = {https://CRAN.R-project.org/package=varImp},
  }

 @Article{party,
    title = {Conditional Variable Importance for Random Forests},
    author = {Carolin Strobl and Anne-Laure Boulesteix and Thomas Kneib and Thomas Augustin and Achim Zeileis},
    journal = {BMC Bioinformatics},
    year = {2008},
    volume = {9},
    number = {307},
    doi = {10.1186/1471-2105-9-307},
  }

@Book{nnet,
    title = {Modern Applied Statistics with S},
    author = {W. N. Venables and B. D. Ripley},
    publisher = {Springer},
    edition = {Fourth},
    address = {New York},
    year = {2002},
    note = {ISBN 0-387-95457-0},
    url = {https://www.stats.ox.ac.uk/pub/MASS4/},
  }

@Manual{kknn,
    title = {kknn: Weighted k-Nearest Neighbors},
    author = {Klaus Schliep and Klaus Hechenbichler},
    year = {2016},
    note = {R package version 1.3.1},
    url = {https://CRAN.R-project.org/package=kknn},
  }


 @Manual{pviz,
    title = {PairViz: Visualization using Graph Traversal},
    author = {C.B. Hurley and R.W. Oldford},
    year = {2022},
    note = {R package version 1.3.6},
    url = {https://CRAN.R-project.org/package=PairViz},
  }
